{
  "leader": "01823cam a2200373 i 4500",
  "fields": [
    {
      "001": "ocm00046368\\"
    },
    {
      "003": "OCoLC"
    },
    {
      "005": "20220630105535.0"
    },
    {
      "008": "691210s1969\\\\\\\\nyuac\\\\\\\\b\\\\\\\\000\\0\\eng\\\\"
    },
    {
      "010": {
        "ind1": "\\",
        "ind2": "\\",
        "subfields": [
          {
            "a": "   68066942 "
          }
        ]
      }
    },
    {
      "040": {
        "ind1": "\\",
        "ind2": "\\",
        "subfields": [
          {
            "a": "DLC"
          },
          {
            "b": "eng"
          },
          {
            "c": "DLC"
          },
          {
            "d": "MUQ"
          },
          {
            "d": "NLGGC"
          },
          {
            "d": "BTCTA"
          },
          {
            "d": "NLE"
          },
          {
            "d": "GBVCP"
          },
          {
            "d": "OCLCF"
          },
          {
            "d": "OCLCO"
          },
          {
            "d": "OCLCQ"
          },
          {
            "d": "NLC"
          },
          {
            "d": "OCLCQ"
          },
          {
            "d": "CPO"
          },
          {
            "d": "OCLCO"
          },
          {
            "d": "OCLCA"
          },
          {
            "d": "DCT"
          },
          {
            "d": "OCLCQ"
          },
          {
            "d": "IL4J6"
          },
          {
            "d": "OCLCO"
          }
        ]
      }
    },
    {
      "016": {
        "ind1": "\\",
        "ind2": "\\",
        "subfields": [
          {
            "a": "(AMICUS)000001920267"
          }
        ]
      }
    },
    {
      "019": {
        "ind1": "\\",
        "ind2": "\\",
        "subfields": [
          {
            "a": "492787507"
          },
          {
            "a": "1153705331"
          }
        ]
      }
    },
    {
      "035": {
        "ind1": "\\",
        "ind2": "\\",
        "subfields": [
          {
            "a": "(OCoLC)46368"
          },
          {
            "z": "(OCoLC)492787507"
          },
          {
            "z": "(OCoLC)1153705331"
          }
        ]
      }
    },
    {
      "050": {
        "ind1": "0",
        "ind2": "0",
        "subfields": [
          {
            "a": "HD7801"
          },
          {
            "b": ".M59"
          }
        ]
      }
    },
    {
      "055": {
        "ind1": "\\",
        "ind2": "0",
        "subfields": [
          {
            "a": "HD7801"
          },
          {
            "b": ".M59 1969"
          }
        ]
      }
    },
    {
      "082": {
        "ind1": "0",
        "ind2": "0",
        "subfields": [
          {
            "a": "331.88091"
          },
          {
            "b": "MOR"
          }
        ]
      }
    },
    {
      "100": {
        "ind1": "1",
        "ind2": "\\",
        "subfields": [
          {
            "a": "Morse, David A."
          },
          {
            "q": "(David Abner),"
          },
          {
            "d": "1907-1990."
          }
        ]
      }
    },
    {
      "245": {
        "ind1": "1",
        "ind2": "4",
        "subfields": [
          {
            "a": "The origin and evolution of the I.L.O. and its role in the world community"
          },
          {
            "c": "[by] David A. Morse."
          }
        ]
      }
    },
    {
      "260": {
        "ind1": "\\",
        "ind2": "\\",
        "subfields": [
          {
            "a": "Ithaca,"
          },
          {
            "b": "New York State School of Industrial and Labor Relations, Cornell University,"
          },
          {
            "c": "1969."
          }
        ]
      }
    },
    {
      "300": {
        "ind1": "\\",
        "ind2": "\\",
        "subfields": [
          {
            "a": "vii, 125 pages"
          },
          {
            "b": "illustrations, portraits"
          },
          {
            "c": "21 cm."
          }
        ]
      }
    },
    {
      "336": {
        "ind1": "\\",
        "ind2": "\\",
        "subfields": [
          {
            "a": "text"
          },
          {
            "b": "txt"
          },
          {
            "2": "rdacontent"
          }
        ]
      }
    },
    {
      "337": {
        "ind1": "\\",
        "ind2": "\\",
        "subfields": [
          {
            "a": "unmediated"
          },
          {
            "b": "n"
          },
          {
            "2": "rdamedia"
          }
        ]
      }
    },
    {
      "338": {
        "ind1": "\\",
        "ind2": "\\",
        "subfields": [
          {
            "a": "volume"
          },
          {
            "b": "nc"
          },
          {
            "2": "rdacarrier"
          }
        ]
      }
    },
    {
      "490": {
        "ind1": "1",
        "ind2": "\\",
        "subfields": [
          {
            "a": "Frank W. Pierce memorial lectures,"
          },
          {
            "v": "Oct., 1968"
          }
        ]
      }
    },
    {
      "504": {
        "ind1": "\\",
        "ind2": "\\",
        "subfields": [
          {
            "a": "Includes bibliographical references (pages 115-117)."
          }
        ]
      }
    },
    {
      "610": {
        "ind1": "2",
        "ind2": "0",
        "subfields": [
          {
            "a": "International Labour Organisation."
          }
        ]
      }
    },
    {
      "610": {
        "ind1": "2",
        "ind2": "7",
        "subfields": [
          {
            "a": "International Labour Organisation."
          },
          {
            "2": "fast"
          },
          {
            "0": "(OCoLC)fst00528849"
          }
        ]
      }
    },
    {
      "776": {
        "ind1": "0",
        "ind2": "8",
        "subfields": [
          {
            "i": "Online version:"
          },
          {
            "a": "Morse, David A. (David Abner), 1907-1990."
          },
          {
            "t": "Origin and evolution of the I.L.O. and its role in the world community."
          },
          {
            "d": "Ithaca, New York State School of Industrial and Labor Relations, Cornell University, 1969"
          },
          {
            "w": "(OCoLC)574049868"
          }
        ]
      }
    },
    {
      "830": {
        "ind1": "\\",
        "ind2": "0",
        "subfields": [
          {
            "a": "Frank W. Pierce memorial lectures ;"
          },
          {
            "v": "Oct., 1968."
          }
        ]
      }
    },
    {
      "856": {
        "ind1": "4",
        "ind2": "2",
        "subfields": [
          {
            "3": "French equivalent / E\u0301quivalent franc\u0327ais"
          },
          {
            "u": "https://bac-lac.on.worldcat.org/oclc/422095361"
          }
        ]
      }
    },
    {
      "994": {
        "ind1": "\\",
        "ind2": "\\",
        "subfields": [
          {
            "a": "Z0"
          },
          {
            "b": "NYRVC"
          }
        ]
      }
    },
    {
      "948": {
        "ind1": "\\",
        "ind2": "\\",
        "subfields": [
          {
            "h": "NO HOLDINGS IN NYRVC - 417 OTHER HOLDINGS"
          }
        ]
      }
    },
    {
      "999": {
        "ind1": "\\",
        "ind2": "\\",
        "subfields": [
          {
            "a": "00000000015421"
          }
        ]
      }
    }
  ]
}